2339 3308
533 823 203 143 GW
829 836 147 69 weis
999 835 61 67 in
1086 839 97 63 der
1211 831 167 87 That
1405 830 186 81 ñicht,
1629 839 136 65 was

771 928 81 84 ih
878 935 96 62 der
998 925 188 85 Welt,
1202 928 187 66 indem
1415 925 82 81 ich
1523 928 83 78 ihr
1622 924 186 86 dieſe

766 1021 190 72 Lieder
977 1014 293 90 übergebe,
1285 1013 103 87 für
1409 1023 93 65 ein
1511 1021 256 81 Compli⸗

557 1124 157 60 ment
754 1113 228 87 machen
1020 1112 123 87 ſoll,
1238 1113 128 77 Sie
1404 1115 152 68 wird
1593 1130 173 72 unzu-

530 1200 241 124 frieden
795 1200 170 123 ſeyn,
1016 1207 114 82 daß
1156 1223 140 55 man
1321 1203 74 88 ſie
1424 1212 110 65 mit
1559 1206 208 86 ſolchen

560 1296 362 94 Taͤndeleyen
947 1295 336 94 überhäuft,
1325 1308 121 63 und
1474 1299 82 86 ich
1580 1309 187 63 werde

561 1394 185 85 nichts
797 1397 222 88 darauf
1062 1415 71 71 zu
1187 1405 329 62 antworten
1559 1396 204 85 wiſſen,

561 1498 122 64 und
733 1498 65 65 es
849 1492 129 84 Zeit
1017 1507 188 69 genug
1250 1494 255 67 bereuen.
1610 1492 158 69 Aber

561 1590 136 65 was
736 1584 66 85 iſt
836 1590 99 64 der
972 1582 322 90 Autorſtolz
1332 1581 151 87 nicht
1520 1578 97 86 für
1648 1586 117 67 eine

563 1675 368 82 wunderliche
955 1676 252 75 Sache?
1246 1677 167 70 Man
1436 1680 206 80 glaubt
1668 1695 99 51 an⸗

563 1770 182 84 fangs
784 1770 131 70 blos
943 1785 68 73 zu
1056 1767 199 111 ſeinem
1277 1770 398 83 Zeitvertreibe
1699 1785 69 73 zu

564 1862 217 80 ſpielen,
811 1877 139 53 man
977 1854 201 92 gefaͤllt
1202 1859 48 85 ſi
1248 1859 77 109 <,
1349 1870 124 61 und
1500 1866 111 65 wie
1634 1864 134 66 bald

565 1957 171 68 bildet
774 1972 139 52 man
950 1950 104 85 ſich
1093 1952 152 84 nicht
1270 1957 121 81 ein,
1432 1972 139 52 man
1596 1949 172 91 müſſe

567 2048 137 83 auch
781 2058 97 58 der
947 2049 248 81 wißigen
1250 2044 177 76 Welt
1484 2047 284 89 gefallen?

565 2144 164 72 Man
767 2136 123 86 läßt
925 2140 264 80 drucken,
1247 2156 142 55 man
1433 2144 151 68 wird
1616 2151 156 76 geta-

565 2239 144 68 delt:
755 2250 137 53 man
913 2234 205 69 nimmt
1140 2239 68 64 es
1231 2227 145 93 übel,
1402 2234 208 86 ſchreyt
1634 2229 139 77 uͤber

567 2336 109 62 den
712 2326 239 86 Verfall
985 2334 104 62 des
1127 2324 407 90 Geſchmacks,
1561 2336 118 61 und
1705 2335 67 64 es

566 2423 138 85 fehlt
718 2418 148 85 nicht
856 2413 147 123 viel,
1014 2418 116 86 daß
1143 2436 139 54 man
1268 2414 180 96 ſeine
1458 2414 152 96 Lefer
1624 2418 149 87 nicht

569 2517 166 69 lieber
756 2532 105 68 gar
886 2509 98 89 für
1010 2516 235 88 Thoren
1268 2509 142 89 hält.
1490 2516 137 70 Und
1653 2530 120 55 wer

566 2623 130 59 war
734 2615 97 67 der
862 2607 200 89 größte
1072 2598 236 183 Thor?
1390 2606 82 95 ich
1516 2607 121 75 will
1685 2612 88 67 die

1159 2702 61 75 A
1262 2722 40 52 2
1583 2701 191 90 Frage
